<?xml version="1.0" encoding="UTF-8"?><collection xmlns="http://www.loc.gov/MARC21/slim"><record><leader>00371nam--2200133-i-4500</leader><controlfield tag="001">000013463</controlfield><controlfield tag="002">20161230</controlfield><controlfield tag="005">20161230201030</controlfield><controlfield tag="008">060222s1000------------r-----000-0-eng-d</controlfield><datafield ind1=" " ind2=" " tag="080"><subfield code="a">007:577.3</subfield></datafield><datafield ind1=" " ind2=" " tag="100"><subfield code="a">Belis, Mariana</subfield></datafield><datafield ind1=" " ind2=" " tag="245"><subfield code="a">Bioingineria sistemelor adaptive si instruibil e</subfield></datafield><datafield ind1=" " ind2=" " tag="260"><subfield code="a">Bucuresti, Editura Stiintifica Si Enciclopedic A, 1981. 223 P</subfield></datafield><datafield ind1=" " ind2=" " tag="852"><subfield code="a">48730</subfield></datafield></record></collection>